2142 2725
850 184 968 189 77--
1032 160 1060 200 7
1121 186 1276 192 -.-

318 287 446 325 „ducere
469 294 593 317 uxorem
617 285 682 316 sine
705 285 785 316 dote.
830 284 880 314 Ph.
901 284 966 314 sine
989 284 1059 314 dote
1083 288 1209 315 autem
1233 286 1384 318 uxorem?
1427 286 1460 317 L.
1483 287 1549 317 ita.“
1593 288 1625 319 In
1642 289 1689 320 tali
1706 290 1784 321 enim

317 342 553 382 interrogatione.
577 343 709 379 „autcm“
733 340 802 380 poni
826 340 913 377 solet,
937 342 970 370 ut
991 349 1038 380 ap.
1052 340 1119 370 Ter.
1132 340 1206 370 Eun.
1221 339 1269 378 IV,
1282 340 1312 378 7,
1336 340 1387 371 28.
1412 342 1482 373 Ilee.
1500 343 1521 381 Ι,
1537 343 1567 381 2,
1582 343 1634 374 25.
1654 345 1781 386 Adelph.

316 398 351 435 II,
377 397 404 435 1,
428 396 477 427 31.
502 396 568 426 ibid.
593 396 628 434 V,
651 395 682 433 8,
708 395 743 425 11
771 405 799 427 v.
826 395 863 425 17
887 399 918 425 et
941 405 967 425 v.
992 394 1042 425 27.
1072 413 1104 418 —
1131 395 1166 433 ΙΙ,
1190 394 1219 433 2,
1235 393 1278 425 99
1294 398 1340 432 (v.
1358 396 1439 434 380)
1460 399 1566 436 „multa
1583 409 1641 440 ego
1659 410 1782 440 possum

315 454 429 484 docta
453 453 556 482 dicta
581 455 618 482 et
641 451 775 491 quamvis
800 451 924 482 facunde
942 451 1048 490 loqui“.
1094 450 1156 481 Aut
1172 451 1276 481 vocula
1300 455 1338 482 et
1361 452 1494 491 delenda,
1518 458 1568 485 aut
1583 456 1781 497 scribendum,

314 509 415 539 dicta
447 508 559 538 docte
589 510 642 544 et,
672 510 704 537 ut
734 506 856 537 Bothius
881 506 974 537 voluit
997 506 1089 546 magis
1114 507 1273 546 conjicere,
1297 517 1384 546 quam
1408 510 1544 549 conjecit.
1590 510 1633 541 Cf.
1658 512 1780 544 Rudcns

313 563 362 602 IV,
386 562 415 600 8,
440 563 490 593 24.
516 579 551 586 -
578 563 612 600 ΙΙ,
636 562 666 599 2,
692 561 753 592 108
777 565 824 599 (ν.
849 561 925 598 389)
958 570 1047 600 „ecce
1077 565 1174 592 autem
1203 562 1233 591 in
1264 562 1445 603 benignitate
1476 565 1547 595 hoc
1577 569 1696 607 repperi
1720 578 1779 599 ne-

312 619 453 660 gotium“.
499 619 633 658 Ineptum
657 626 832 657 pronomen,
857 617 935 656 quod
960 621 1059 647 natum
1083 617 1200 648 videtur
1223 628 1240 648 e
1263 627 1370 648 versus
1402 621 1528 660 proximi
1559 623 1657 652 verbis
1688 624 1780 662 „haec

313 678 383 705 sunt
406 675 505 711 aedes,
530 675 602 711 hic“,
627 677 708 704 recte
738 673 804 702 olim
830 672 962 713 Scaliger
992 672 1110 703 delevit.
1156 672 1199 704 Cf.
1224 673 1345 704 Rudens
1376 675 1410 713 II,
1442 675 1471 713 5,
1495 675 1546 706 26.
1572 695 1611 700 -
1645 678 1680 716 ΙΙ,
1704 679 1734 717 3,
1757 680 1778 710 7

314 733 360 767 (v.
392 728 470 766 398)
501 739 592 768 „suae
621 729 769 759 senectuti
800 729 824 758 is
857 729 1000 759 acrIorcm
1032 728 1156 758 hiemem
1188 732 1300 769 parat“.
1355 730 1400 760 De
1431 733 1634 764 contractione
1665 736 1779 766 s'nex

312 787 489 816 s’nectus
513 794 662 824 nunquam
686 784 848 815 dubitatum
872 788 927 815 est.
974 784 1074 819 Ouare
1098 793 1157 814 non
1180 793 1293 824 sequor
1322 785 1512 818 Ritschelium
1544 789 1579 818 ad
1603 789 1630 819 h.
1654 790 1672 819 I.
1697 794 1727 820 et
1750 800 1778 831 p.

313 840 441 872 CXVIII.
467 859 503 864 —-
530 841 565 878 II,
588 840 618 878 4,
646 840 680 870 11
708 844 754 878 (v.
779 839 860 878 413)
907 840 949 870 St.
982 839 1086 878 „Quid,
1118 841 1198 879 quod
1229 841 1334 871 dedisti
1357 843 1490 873 scortis?
1535 844 1566 874 L.
1590 845 1696 876 ibidem
1721 855 1778 876 una

312 896 405 926 traho.
426 900 430 932 Ι
452 896 493 926 St.
518 896 613 932 Quid
638 897 738 936 quod
763 905 835 937 ego
853 895 1029 926 defrudavi?
1063 896 1094 926 L.
1120 896 1185 927 hem
1202 897 1295 927 istaec
1311 898 1384 928 ratio
1409 903 1602 930 maxumast“.
1648 901 1778 941 Requiro

311 955 464 982 accentum
489 953 593 992 „eg0“,
618 955 649 982 ut
672 953 700 982 in
724 952 922 992 oppositione.
960 952 1042 982 Sicut
1065 951 1170 982 Cicero
1194 953 1314 992 saepius
1339 955 1494 995 conjungit
1516 955 1619 994 „Quid‚
1644 957 1777 996 quod—-

311 1008 407 1047 quod“
438 1011 470 1038 ut
500 1009 527 1037 in
553 1008 665 1038 Catilin.
698 1008 718 1045 I,
743 1007 762 1037 7
786 1010 805 1042 §
834 1006 880 1045 ¹6,
912 1009 949 1037 ita
982 1008 1028 1037 hic
1051 1008 1144 1038 altero
1175 1008 1242 1039 loco
1266 1010 1378 1048 „qu0d“
1402 1011 1558 1050 conjicias:
1584 1011 1625 1042 St.
1650 1013 1777 1052 „quod

310 1072 382 1104 ego
406 1063 584 1094 defrudavi?
628 1063 659 1093 L.
685 1064 750 1093 hem
774 1064 867 1093 istaec
891 1064 966 1093 ratio
990 1067 1182 1094 maxumas&
1216 1082 1251 1086 —
1286 1065 1320 1103 ΙΙ,
1344 1065 1373 1103 4,
1397 1065 1438 1096 23
1463 1070 1509 1104 (v.
1533 1066 1615 1106 425)
1640 1067 1777 1109 Corrige,

309 1119 369 1158 „St.
388 1120 548 1159 trapezitae
566 1119 641 1149 mille
658 1119 882 1150 drachumarum
900 1119 1122 1159 Olympico,
1143 1123 1148 1159 l
1168 1129 1241 1159 quas
1259 1120 1295 1151 de
1313 1122 1427 1151 ratione
1444 1122 1580 1160 debuisti,
1596 1124 1727 1154 redditae
1747 1124 1753 1164 Ι

308 1184 377 1214 pro
400 1176 617 1214 sponsione
646 1184 783 1215 nuper,
808 1186 915 1215 quam
941 1179 978 1206 tu
1002 1179 1167 1206 exactus
1191 1185 1241 1206 cs.
1270 1180 1274 1215 Ι
1302 1177 1358 1207 LE.
1382 1177 1495 1218 Nempe
1519 1188 1592 1218 quas
1616 1180 1774 1219 spopondi.

309 1230 350 1261 St.
375 1231 461 1261 immo
486 1240 559 1270 quas
584 1232 719 1271 dependi,
743 1232 866 1271 inquito,
898 1236 902 1267 1
935 1241 989 1271 pro
1013 1232 1061 1261 illo
1085 1232 1286 1270 adulescente,
1318 1243 1404 1272 quem
1430 1237 1459 1264 tu
1483 1243 1553 1264 esse
1583 1236 1664 1265 aibas
1693 1236 1772 1266 divi-

307 1289 392 1316 tem“.
438 1287 515 1316 Libri
540 1297 643 1317 omnes
667 1298 741 1327 „qua
766 1288 929 1327 sponsione
953 1297 1106 1328 pronuper
1130 1291 1160 1318 tu
1184 1291 1307 1318 exactus
1331 1292 1382 1318 es“
1406 1289 1491 1328 isque
1514 1299 1621 1321 versus
1645 1292 1674 1320 in
1698 1301 1773 1322 cae-

307 1344 376 1373 teris
408 1343 488 1372 libris
521 1347 588 1382 post
620 1353 738 1374 versum
771 1344 902 1384 „Nempe
925 1362 959 1366 —
984 1345 1124 1383 inquito“‚
1155 1344 1183 1373 in
1208 1344 1408 1374 Ambrosiano
1432 1349 1529 1376 autem
1553 1350 1621 1376 ante
1645 1348 1772 1378 eundem

305 1408 425 1429 versum
455 1399 569 1438 positus
598 1403 653 1429 est.
700 1400 782 1430 Haud
814 1401 901 1430 dubie
931 1400 955 1429 is
980 1409 1120 1430 versuum
1145 1400 1218 1429 ordo
1242 1401 1415 1439 sequendus
1440 1405 1496 1438 est,
1525 1412 1613 1441 quem
1636 1403 1771 1433 Ambro—

304 1455 407 1485 sianus
433 1455 565 1494 praeivit.
611 1455 674 1485 Jam
701 1456 834 1495 Scaliger
857 1456 1111 1486 constructionem
1129 1456 1231 1485 saltem
1249 1460 1406 1486 assecutus
1427 1466 1481 1496 pro
1498 1467 1573 1497 „qua
1589 1459 1771 1498 sponsione“

305 1510 515 1540 emendaverat
539 1521 642 1549 „quani
667 1513 892 1551 sponsionem“2
918 1512 1035 1551 quando
1058 1512 1095 1541 A.
1121 1512 1231 1542 Gellius
1255 1512 1290 1542 N.
1316 1512 1352 1541 A.
1376 1512 1441 1550 XV,
1464 1512 1501 1542 14
1518 1514 1655 1553 antiquos
1674 1518 1771 1544 testa-

306 1569 353 1596 tur
382 1567 420 1595 ita
453 1566 579 1604 locutos,
613 1569 803 1605 pecunias
838 1568 995 1606 exigor,
1031 1569 1250 1607 portorium
1286 1568 1435 1608 exigor.
1490 1568 1531 1599 At
1562 1573 1717 1609 praeterea
1741 1573 1772 1600 et

304 1631 502 1662 pronuper
526 1624 737 1654 removendum
762 1627 792 1654 et
814 1633 910 1654 nexus
935 1624 1077 1653 orationis
1101 1624 1304 1654 restituendus
1323 1627 1395 1654 erat.
1442 1625 1483 1654 Ita
1500 1625 1649 1655 lenissima
1668 1629 1771 1656 trans-

302 1678 449 1717 positione
491 1679 583 1709 Plauti
626 1689 741 1710 manum
783 1680 952 1710 restituisse
995 1680 1106 1710 videor.
1163 1680 1234 1710 Illud
1266 1681 1343 1710 enim
1374 1681 1467 1719 „mille
1510 1682 1666 1712 drachmae
1701 1691 1770 1722 pro

302 1734 465 1772 sponsione
489 1735 619 1765 redditae
643 1739 729 1766 sunt“
753 1745 850 1776 genus
874 1736 989 1765 dicendi
1021 1739 1067 1765 est
1098 1736 1239 1774 vulgare;
1273 1736 1309 1766 cl'.
1339 1746 1430 1776 snpra
1462 1737 1496 1774 II,
1520 1737 1550 1775 4,
1579 1737 1603 1767 1.
1650 1737 1709 1767 Cic.
1735 1738 1771 1768 ad

302 1789 430 1819 Atticum
462 1790 482 1825 Ι,
514 1790 542 1827 3,
575 1793 594 1825 §
618 1790 646 1820 2.
693 1792 755 1821 Iloc
778 1792 891 1822 dicunt:
924 1792 949 1821 si
981 1792 1056 1821 mille
1087 1792 1243 1821 drachmae
1270 1801 1322 1831 pro
1347 1793 1512 1832 sponsione
1535 1794 1666 1823 redditae
1689 1797 1769 1831 sunt,

302 1854 409 1885 nempe
433 1855 483 1875 eas
509 1849 618 1876 tantum
643 1848 799 1887 spopondi.
846 1848 936 1877 Innno
960 1857 1010 1877 eas
1036 1848 1203 1887 dependisti
1233 1851 1372 1887 tantaque
1404 1849 1528 1888 pecunia
1560 1850 1653 1888 periit.
1699 1849 1768 1878 Rit-

301 1901 429 1931 schelius
455 1902 482 1930 in
508 1903 644 1942 I’arergis
671 1913 697 1942 p.
723 1902 784 1932 529
809 1903 888 1942 quod
919 1906 965 1933 est
996 1903 1160 1934 facillimum
1194 1904 1262 1933 fecit
1293 1907 1527 1943 corruptumque
1557 1914 1677 1934 versum
1709 1913 1769 1935 non

302 1958 477 1995 emendavit,
501 1958 552 1988 sed
577 1959 641 1987 sinc
665 1959 769 1989 idonea
793 1969 882 1989 causa
906 1960 1083 1989 exturbavit.
1128 1959 1234 1999 Optare
1258 1960 1326 1989 illud
1351 1960 1466 1999 quidem
1491 1964 1537 1989 est
1566 1970 1624 1989 non
1649 1961 1768 1998 docere,

301 2013 326 2042 si
350 2023 451 2043 verum
476 2014 605 2044 volneris
631 2014 722 2044 fateri.
768 2015 924 2045 Praeterea
949 2016 993 2044 vir
1017 2016 1141 2045 eximius
1166 2016 1252 2045 etiam
1283 2016 1311 2044 in
1342 2025 1378 2045 eo
1410 2017 1528 2053 erravit,
1561 2016 1638 2054 quod
1671 2017 1767 2055 paullo

299 2073 367 2099 ante
391 2071 541 2109 vulgatum
566 2070 786 2110 „Olympicunn‘
811 2072 930 2102 retinuit
954 2072 1041 2111 idque
1066 2073 1093 2101 in
1119 2072 1235 2111 Proleg.
1261 2081 1288 2110 p.
1313 2071 1462 2101 LXXXIX
1488 2081 1542 2111 pro
1559 2075 1640 2101 certo
1658 2072 1767 2102 habuit.

299 2125 339 2155 Αῑ
363 2126 388 2155 id
413 2127 528 2165 quidem
553 2131 724 2166 corruptum
749 2137 818 2157 esse
838 2129 897 2167 jam
922 2128 989 2157 olim
1015 2128 1201 2158 Camerarius
1234 2131 1380 2157 senserat.
1426 2128 1588 2157 Verissime
1619 2129 1695 2157 enim
1727 2129 1768 2158 Pii

298 2182 415 2211 codices
440 2183 549 2221 antiqui
575 2193 628 2222 pro
653 2194 689 2213 eo
713 2184 853 2213 exhibent
877 2185 1068 2224 „olyinpieo“.
1114 2184 1247 2214 Nominis
1273 2181 1473 2224 Ὀλυμπικὸς
1504 2183 1637 2222 exempla
1668 2193 1767 2222 quae-

297 2237 361 2267 dam
386 2248 402 2267 e
428 2238 580 2269 Plutarcho
605 2240 684 2269 dedit
708 2240 956 2279 Wyttenbachins
980 2241 1016 2270 ad
1041 2240 1113 2270 Plut.
1160 2241 1203 2270 De
1228 2240 1256 2270 S.
1274 2240 1308 2269 N.
1326 2239 1359 2270 V.
1384 2250 1412 2279 p.
1440 2238 1487 2269 19.
1534 2239 1618 2268 Adde
1643 2240 1767 2278 primum

298 2293 384 2333 Diog.
410 2293 504 2324 Laert.
531 2295 564 2331 V,
588 2294 639 2324 62.
686 2296 759 2326 Tum
783 2297 812 2325 in
836 2297 955 2326 scholiis
979 2297 1015 2326 ad
1033 2296 1162 2326 Aeharn.
1188 2306 1216 2327 v.
1234 2295 1315 2325 1149
1339 2305 1393 2336 pro
1411 2293 1767 2335 nominc‘Otvssmmndg

300 2350 416 2389 corrige
441 2348 642 2391 Ὀλυμπικὸς
670 2361 686 2382 e
718 2352 806 2382 Suida
837 2361 861 2382 s.
889 2350 1083 2394 ’Λντίμαχος
1113 2356 1142 2383 et
1173 2361 1196 2382 s.
1233 2349 1347 2387 Ψεκὰς.
1394 2352 1533 2382 Ceterum
1564 2351 1591 2382 h.
1614 2351 1632 2380 Ι.
1655 2351 1765 2381 lectio-
