2142 2725
839 166 987 172 .-
1052 143 1082 184 5
1143 170 1295 175 ,--,,,

338 268 417 300 secto
440 268 558 299 stultius
582 276 638 298 nec
654 267 801 305 stolidius,
821 268 826 305 Ι
846 275 945 307 neque
969 267 1232 307 mendaciloquius,
1256 277 1353 308 neque
1377 269 1452 300 adeo
1470 273 1607 311 argutum
1623 271 1717 312 magis
1734 273 1802 302 -.“

337 325 386 356 Sic
407 324 635 355 Ambrosianus.
681 323 755 353 Hinc
778 323 988 363 corrigendum
1012 326 1069 361 est,
1099 341 1158 361 „--
1190 332 1289 363 neque
1319 325 1671 366 mendaciloquum,
1702 336 1802 367 neque

333 380 408 410 adeo
431 382 569 420 argutum
592 379 704 418 magis“
729 378 773 413 (h.
797 388 823 408 e.
848 387 946 418 neque
969 379 1063 419 magis
1088 379 1368 418 mendaciloquum).
1397 398 1430 403 —
1464 381 1485 419 l,
1503 380 1534 419 2,
1566 380 1628 412 169
1651 385 1698 419 (v.
1719 382 1800 421 206)

332 435 431 475 „quod
454 436 581 475 quisque
604 435 633 464 in
657 435 753 464 animo
778 433 866 464 habet
889 437 941 464 aut
964 434 1116 465 habiturus
1141 438 1197 472 cst,
1220 435 1345 466 sciunt.“
1391 435 1570 476 Transpono
1586 438 1615 467 in
1632 438 1711 469 hunc
1729 447 1798 469 mo-

332 492 410 529 dum,
434 491 532 531 „quod
555 491 591 520 in
616 490 738 520 animo
762 490 922 529 quisque
946 490 1034 521 habet
1056 493 1106 521 aut
1130 490 1283 521 habiturus
1307 493 1364 529 est,
1387 492 1512 522 sciunt.“
1539 511 1572 515 —
1600 494 1666 523 Act.
1690 494 1714 524 11
1734 494 1796 524 init.

331 551 375 583 (v.
399 546 463 577 ‘223
486 550 569 586 sqq.)
616 545 660 576 ne
684 546 740 575 hoc
764 545 888 583 cantico,
913 546 992 585 quod
1015 546 1044 576 in
1061 546 1322 586 praestantissimis
1347 550 1404 585 est,
1428 547 1482 578 alio
1499 548 1564 578 loco
1580 549 1713 588 pluribus
1737 560 1797 581 ex-

328 604 458 644 positum
489 606 546 640 est,
577 611 637 641 quo
667 602 733 631 loco
762 601 859 631 onmia
882 601 975 631 Plauti
1006 602 1119 632 cantica
1150 611 1314 642 eorumque
1337 606 1430 633 metra
1453 603 1529 634 duce
1559 604 1690 644 inprimis
1715 605 1796 636 Her-

328 668 438 689 manno
470 657 603 688 tractavi.
650 656 733 692 Quae
764 656 887 696 scriptio
919 666 1009 696 quum
1038 658 1169 688 nondum
1201 658 1278 688 edita
1302 658 1350 696 sit,
1380 658 1426 689 liic
1449 659 1559 699 aliquot
1582 663 1663 690 certe
1687 669 1796 692 versus

336 715 428 745 verbo
456 715 606 753 attingam.
650 712 684 742 V.
723 710 762 742 16
796 714 842 749 (v.
868 711 951 750 242)
982 712 1798 751 NAMQUIAMATQUODAMATQUAMEXTEMPLO

325 768 754 802 SAUllSPERCULSUSES'l'.
821 768 864 798 lta
902 768 1128 800 Ambrosianus.
1192 769 1342 800 Ritschelii
1377 771 1566 811 conjecturae
1604 775 1726 802 exstant
1761 773 1791 803 in

326 826 464 866 Parergis
490 836 517 866 p.
542 824 603 855 527
627 827 657 854 et
680 823 796 863 Proleg.
820 833 849 863 p.
874 823 1026 855 CCCXlV.
1072 825 1176 855 Altero
1193 825 1259 856 loco
1274 826 1310 856 de
1331 829 1426 856 metro
1442 830 1524 857 recte
1543 828 1666 868 judicat,
1689 831 1796 860 neutro

325 891 507 923 persanasse
530 890 650 911 versum
674 880 800 909 videtur.
846 879 982 921 Corrige,

478 938 551 968 Nam
576 937 625 976 qui
649 936 760 973 emit,
785 935 864 975 quod
887 936 973 973 amat,
998 946 1088 976 quum
1113 937 1264 977 extemplo
1288 937 1378 968 saviis
1403 938 1559 978 perculsus
1584 942 1640 977 est,

478 993 554 1023 illico
578 994 626 1022 res
652 992 732 1022 foras
756 991 873 1029 labitur,
897 992 1043 1031 liquitur.'

323 1049 357 1079 H.
383 1059 408 1079 e.
433 1049 482 1089 qui
506 1048 692 1079 meretricem
710 1050 787 1077 amat
811 1048 907 1087 pretio
930 1048 1082 1078 venalem:
1107 1057 1184 1087 quae
1201 1049 1321 1088 saepius
1339 1048 1445 1079 dicitur
1468 1049 1552 1087 emi,
1576 1050 1652 1080 utin
1668 1049 1794 1081 Mostell.

321 1104 343 1144 1,
368 1104 397 1141 3,
432 1104 491 1135 128
520 1108 549 1135 et
579 1104 680 1134 Horat.
711 1103 765 1133 Od.
797 1103 844 1140 111,
868 1102 898 1141 (i,
923 1102 972 1133 32.
1018 1104 1163 1134 Neutrum
1193 1113 1290 1143 genus
1321 1104 1419 1144 „quod
1447 1107 1540 1134 amat“
1570 1114 1662 1145 saepe
1686 1105 1789 1136 comici

321 1165 437 1201 ponunt
461 1170 515 1200 pro
533 1160 646 1200 vulgari
671 1168 777 1199 „quam
794 1161 899 1188 amam
926 1177 960 1181 —
987 1159 1021 1189 V.
1046 1158 1088 1189 22
1110 1168 1175 1199 sqq.
1200 1159 1306 1197 (252).
1351 1160 1383 1190 In
1407 1161 1473 1191 loco
1497 1165 1554 1191 tam
1571 1161 1607 1191 ad
1623 1165 1716 1192 metra
1730 1161 1791 1191 dis-

321 1216 387 1246 ficili
412 1217 545 1256 quamvis
569 1224 656 1246 nemo
686 1216 740 1245 sibi
772 1214 943 1253 satisfaciat,
975 1224 1036 1245 non
1065 1215 1192 1246 debebat
1224 1219 1320 1246 tamen
1343 1216 1521 1248 Ritschelius
1546 1217 1705 1248 Hermanni
1728 1226 1790 1248 nu-

320 1281 420 1303 meros
445 1272 532 1313 plane
555 1272 689 1311 rejicere,
714 1280 790 1311 quos
816 1271 920 1311 partim
945 1274 1067 1302 secutus
1092 1272 1191 1302 timide
1214 1272 1349 1312 conjicio,

527 1328 696 1367 vestiplica,
720 1330 836 1365 unctor,
861 1327 923 1357 auri
947 1331 1060 1365 custos,
1085 1327 1284 1366 flabelliferae,
1307 1328 1554 1369 sandaligerulae,

526 1384 682 1421 cantrices,
706 1383 918 1421 cisa—natrices,
942 1383 1045 1421 nuntii,
1070 1383 1208 1421 rendutii,

525 1449 577 1480 rap
599 1442 602 1478 Ι
624 1439 703 1469 teres
728 1439 811 1479 panis
836 1440 866 1469 et
889 1439 974 1478 peni:
998 1438 1030 1468 sit
1052 1439 1128 1478 ipse,
1152 1439 1220 1470 dum
1243 1439 1299 1469 illis
1324 1439 1416 1469 comis
1441 1442 1497 1477 est,

629 1496 742 1525 amator
765 1495 861 1535 ineps.
886 1494 960 1525 haec
983 1504 1049 1525 cum
1072 1494 1130 1535 ago
1153 1504 1220 1525 cum
1243 1504 1308 1525 meo
1333 1495 1441 1533 animo,

628 1554 657 1580 et
681 1551 791 1589 recolo,
815 1551 865 1581 ubi
889 1551 938 1590 qui
962 1552 1041 1591 eget,
1065 1560 1153 1590 quam
1177 1551 1252 1591 preti
1275 1551 1313 1580 sit
1336 1551 1430 1590 parvi,
1454 1551 1550 1591 apage

628 1606 720 1645 amor,
744 1615 804 1636 non
827 1606 938 1646 places,
964 1609 992 1636 tc
1016 1607 1055 1636 nil
1078 1607 1155 1644 utor,
1181 1615 1349 1646 quanquam
1372 1606 1441 1637 illud

833 1662 949 1693 dulcest
972 1671 1041 1692 esse
1066 1666 1096 1692 et
1118 1662 1229 1693 bibere.

524 1719 618 1749 Amor
641 1727 738 1748 amara
763 1718 812 1748 dat
834 1718 884 1748 tibi
908 1719 991 1756 satis,
1015 1718 1095 1758 quod
1119 1718 1210 1758 aegre
1233 1718 1282 1756 sit,
1305 1717 1381 1758 fugit
1404 1717 1510 1756 sorum,

625 1774 707 1814 sugat
730 1777 798 1804 tuos
823 1775 980 1814 cognatOS,
1003 1773 1086 1815 sugat
1109 1783 1179 1804 sese
1201 1774 1268 1814 ipse
1291 1774 1307 1803 a
1330 1782 1387 1804 suo

626 1830 766 1860 contuitu:
789 1839 889 1870 neque
912 1830 978 1860 eum
1002 1830 1057 1860 sibi
1081 1830 1185 1860 volunt
1208 1830 1263 1860 dici
1287 1830 1420 1860 amicum.

522 1885 598 1916 Mille
621 1885 715 1916 modis
740 1894 823 1916 amor
838 1885 1045 1926 ignorandum,
1069 1886 1174 1926 procul
1190 1886 1354 1924 habendus,
1378 1885 1580 1916 abstinendus.

315 1940 422 1972 Ultimo
446 1950 536 1972 versu
560 1942 625 1972 libri
649 1942 778 1972 absurde
802 1942 925 1981 „procul
949 1942 1162 1980 adhibendus‚“
1193 1951 1248 1982 pro
1281 1951 1340 1981 quo
1371 1941 1448 1972 bene
1470 1942 1688 1972 Lindemannus
1713 1950 1786 1972 cor-

312 1998 392 2028 rexit
415 1998 537 2038 „procul
560 1998 742 2029 habendus“.
788 1997 938 2038 Deinceps
963 1998 1038 2036 libri,
1061 2000 1150 2036 „sunt
1174 2001 1282 2036 tamen,
1312 2006 1388 2037 quos
1420 1998 1545 2028 miseros
1570 1998 1704 2038 maleque
1727 1997 1786 2028 ha-

312 2054 413 2084 beas“.
460 2054 574 2092 Scribo,
591 2054 666 2085 duce
683 2053 788 2094 partim
806 2053 987 2092 Hermanno,
1011 2057 1100 2092 „sunt
1117 2057 1226 2092 tamen,
1250 2062 1327 2093 quos
1350 2054 1465 2084 nimis
1490 2054 1625 2084 misere
1648 2054 1783 2094 maleque

312 2109 450 2141 habeas“.
486 2129 517 2132 —
553 2110 588 2148 11,
616 2109 636 2140 2
660 2110 720 2140 init.
745 2113 840 2141 metro
865 2110 1100 2141 succurrendum
1124 2113 1180 2140 est.
1225 2109 1304 2140 Libri
1334 2119 1451 2149 „neque
1480 2110 1530 2140 tibi
1560 2119 1612 2140 ero
1642 2110 1672 2139 in
1702 2119 1786 2140 mora

312 2169 438 2206 neque“.
484 2166 618 2207 Conjicio
642 2176 758 2206 „neque
782 2167 839 2198 erit
861 2175 945 2197 mora
974 2167 1005 2197 in
1028 2176 1075 2197 me
1098 2168 1171 2197 nec“
1201 2174 1404 2206 comparoque
1435 2165 1502 2196 Ter.
1526 2165 1620 2196 Andr.
1642 2165 1678 2204 11,
1701 2164 1730 2203 5,
1754 2163 1784 2196 9.

311 2221 460 2263 Deinceps
492 2222 555 2252 libri
583 2222 710 2261 „ceteris
742 2222 836 2262 factis,
866 2226 980 2263 patrem
1011 2226 1093 2253 tuum
1125 2222 1150 2252 si
1179 2222 1315 2263 percoles
1351 2230 1406 2262 per
1437 2222 1603 2262 pietatem“.
1654 2220 1782 2262 Corrigo

311 2277 415 2318 „factis
439 2278 467 2309 id
483 2279 601 2317 ceteris,
625 2288 739 2319 parque
756 2279 867 2319 pietati,
892 2282 974 2310 tuum
997 2279 1023 2309 si
1043 2281 1156 2319 patrem
1170 2278 1335 2319 percoles“.
1380 2277 1452 2308 Mox
1464 2277 1528 2308 libri
1544 2277 1683 2318 vulgares
1700 2277 1784 2316 „foro

309 2334 429 2372 ullum“‚
444 2335 663 2366 Ambrosianus
680 2338 778 2366 autem
792 2334 915 2375 „FORO
940 2358 947 2366 .
961 2358 968 2366 .
982 2358 989 2366 .
1013 2334 1169 2367 ULLUM“.
1214 2334 1321 2366 Insero
1336 2333 1488 2374 „malum“.
1535 2333 1584 2365 Sic
1597 2333 1689 2374 igitur
1703 2333 1783 2375 lego,
