2142 2725
341 1036 410 1083 De
433 1049 615 1085 Trinummo,
638 1056 726 1087 quam
751 1047 781 1076 in
798 1046 916 1086 optimis
934 1046 1026 1077 Plauti
1042 1046 1147 1077 fabulis
1164 1056 1322 1077 numerare
1339 1055 1398 1076 non
1415 1047 1527 1083 dubito,
1550 1047 1690 1076 memoria
1708 1049 1810 1076 nostra

341 1108 400 1137 duo
423 1106 514 1136 critici
539 1103 691 1143 praeclare
716 1103 809 1133 meriti
827 1106 907 1140 sunt,
930 1103 964 1133 G.
984 1103 1170 1133 llermannus
1187 1107 1276 1142 atque
1294 1103 1324 1133 F.
1343 1103 1531 1139 Rstscleus,
1555 1112 1680 1142 quorum
1698 1103 1809 1132 editio-

342 1172 394 1193 nes
420 1163 448 1192 in
472 1161 602 1191 omnium
628 1160 718 1190 Plauti
745 1160 889 1189 lectorum
913 1160 1048 1189 manibus
1073 1168 1143 1189 esse
1167 1159 1317 1189 convenit.
1363 1159 1525 1189 Fatendum
1542 1162 1588 1188 est
1605 1162 1712 1195 tamen,
1736 1158 1811 1188 hanc

342 1218 523 1249 comoediam
550 1216 595 1246 vel
619 1217 663 1245 sic
686 1216 764 1245 haud
791 1216 892 1254 paucis
916 1215 989 1245 locis
1015 1219 1184 1254 corruptam
1208 1224 1289 1252 csse,
1313 1216 1493 1254 omninoque
1512 1215 1642 1245 Plautum
1666 1213 1811 1254 ejusmodi

341 1284 411 1305 esse
435 1274 622 1312 scriptorem,
647 1273 696 1310 qui
722 1272 776 1301 nisi
801 1273 959 1311 conjuncta
985 1272 1142 1302 mullorum
1168 1280 1259 1311 opera
1284 1274 1441 1309 tantopere
1469 1270 1594 1309 expoliri
1626 1270 1675 1300 vix
1707 1270 1812 1309 possit,

337 1334 369 1361 ut
382 1340 448 1360 eum
462 1331 507 1359 sni
522 1338 607 1368 quim
622 1328 797 1357 simillimum
813 1328 921 1367 ubique
938 1328 1081 1357 redditum
1095 1336 1253 1367 agnoscas.
1279 1326 1336 1356 Sed
1350 1327 1385 1356 al
1403 1326 1527 1356 fabulam
1538 1326 1630 1365 ipsam
1642 1326 1811 1355 veniamus.

341 1386 460 1425 Prologi
485 1385 574 1424 igitur
600 1394 626 1412 v.
655 1383 692 1412 15
717 1384 798 1419 „dedi
823 1384 849 1413 ei
875 1393 968 1413 meam
991 1387 1122 1424 gnatam,
1147 1386 1207 1419 (sc.
1233 1383 1379 1422 lnopiam)
1404 1382 1522 1421 quicum
1545 1385 1670 1412 aetatem
1694 1381 1812 1420 ‹›xigat“

338 1452 397 1481 ego
411 1450 469 1471 non
484 1441 578 1470 solum
595 1441 622 1469 in
641 1444 745 1476 metro,
771 1449 874 1469 verum
893 1440 979 1469 etiam
997 1440 1024 1468 in
1042 1439 1191 1469 sententia
1207 1439 1329 1468 haereo.
1374 1438 1447 1468 Nam
1472 1441 1633 1467 aetatem
1656 1437 1814 1477 exigere

340 1497 540 1527 diuturnitatis
572 1499 635 1527 est.-
667 1497 747 1534 atqui
778 1496 963 1525 Lesbonicus
995 1504 1064 1524 mox
1096 1496 1200 1525 iterum
1226 1495 1360 1524 diu-sect.
1407 1493 1506 1529 Quare
1530 1493 1718 1523 scribendum
1743 1495 1815 1532 puto

342 1553 425 1592 „dedi
450 1553 476 1582 ei
502 1562 595 1582 meam
620 1556 751 1593 gnatam,
775 1553 893 1591 quicum
917 1554 1136 1591 egestatem
1160 1551 1279 1591 exigat“
1303 1549 1488 1589 conferoque
1512 1550 1625 1588 Captiv.
1650 1549 1685 1585 V,
1713 1547 1743 1586 4,
1779 1546 1816 1577 12>

342 1611 373 1638 et
397 1608 469 1637 infra
496 1608 543 1644 ΙΙΙ,
568 1608 596 1644 2,
620 1606 671 1637 60.
696 1626 736 1630 ἡ
762 1608 783 1644 Ι,
808 1607 838 1644 2,
868 1606 905 1637 10
929 1610 976 1644 (ν.
1000 1606 1058 1643 48)
1082 1607 1161 1645 „CA.
1187 1606 1213 1636 0
1237 1607 1338 1643 amice,
1363 1606 1454 1635 salve.
1491 1608 1595 1644 [alque
1619 1604 1759 1644 aequalis.
1784 1606 1817 1634 ut

341 1664 434 1701 vales,
455 1666 460 1704 Ι
481 1664 731 1704 Megaronidesv]
758 1663 817 1692 ME.
843 1667 873 1693 et
896 1667 926 1693 tu
950 1663 1057 1702 edepol
1080 1663 1175 1699 salve,
1199 1662 1361 1692 Callicles.“
1406 1662 1484 1691 ldem
1506 1660 1638 1691 Callicles
1663 1660 1750 1689 modo
1774 1660 1818 1689 sic

341 1723 406 1749 erat
429 1720 562 1750 locutus:
587 1721 693 1760 „quoja
719 1719 764 1748 liic
790 1728 849 1749 vox
866 1728 961 1759 prope
981 1729 1028 1749 me
1051 1718 1181 1749 εοηῇίῖ·ι
1226 1718 1324 1748 Verba
1340 1718 1423 1748 uncis
1442 1717 1553 1747 inclusa
1571 1717 1598 1746 in
1616 1716 1815 1746 Ambrosiano

341 1776 530 1814 caeterisque
553 1776 633 1805 libris
658 1776 794 1805 omnibus
820 1775 971 1815 leguntur,
996 1775 1049 1804 sed
1073 1775 1258 1815 glossemata
1282 1783 1352 1804 esse
1368 1774 1516 1803 Lomanus
1534 1776 1623 1812 atque
1640 1772 1816 1802 Bitscholius

339 1831 481 1871 judicant.
530 1832 573 1861 Ac
602 1841 676 1861 sane
706 1831 797 1861 Plauti
827 1831 907 1861 hunc
937 1839 1058 1861 versum
1089 1830 1182 1861 fuisse
1213 1840 1250 1869 „o
1279 1831 1381 1867 amice,
1404 1830 1496 1860 salve.
1541 1828 1579 1858 M.
1603 1832 1633 1858 et
1656 1832 1686 1859 tu
1710 1826 1818 1867 edepol

343 1887 436 1925 salve,
460 1886 613 1917 Callicles“
636 1891 667 1917 et
686 1896 734 1916 res
754 1888 818 1926 ipsa
836 1890 982 1917 monstrat
998 1890 1028 1916 et
1043 1895 1117 1917 usus
1140 1887 1229 1917 docet
1254 1887 1451 1917 comicorum:
1474 1885 1510 1915 cf.
1530 1884 1663 1914 Bacchid.
1689 1884 1723 1921 ΙΙ,
1741 1883 1770 1920 2,
1787 1882 1816 1913 5.

343 1942 411 1971 Ter.
436 1943 528 1972 Andr.
553 1943 588 1981 ll,
617 1943 642 1981 1,
671 1943 715 1973 18.
763 1943 871 1982 llecyr.
897 1943 918 1981 l,
941 1942 972 1980 2,
995 1942 1026 1972 7.
1071 1943 1188 1972 Phorm.
1214 1942 1262 1979 lV,
1287 1941 1317 1980 3,
1340 1941 1359 1971 4
1383 1942 1481 1981 ibique
1511 1950 1588 1971 varr.
1617 1941 1695 1970 lectt.
1741 1940 1816 1970 Tum

342 1998 430 2027 etiam
454 1998 522 2028 illud
547 2002 598 2036 „ut
620 1999 720 2029 vales“
744 2009 762 2029 e
784 2009 811 2028 v.
840 1998 877 2029 13
901 2002 1001 2029 natum
1025 1998 1243 2038 delendumque
1267 2007 1338 2028 esse
1361 2001 1452 2037 patet.
1499 1997 1601 2026 Potest
1624 1997 1713 2037 igitur
1744 1995 1817 2033 fieri,

341 2056 375 2083 ut
402 2054 547 2084 duumviri
578 2055 615 2084 illi
646 2056 732 2095 plane
768 2064 872 2086 verum
897 2055 1041 2092 viderint;
1066 2058 1167 2095 potest
1190 2055 1289 2092 etiam,
1312 2057 1344 2084 ut
1367 2054 1396 2083 in
1420 2053 1519 2083 verbis
1543 2056 1651 2092 „atque
1682 2062 1759 2092 aequ
1771 2052 1815 2082 dis

342 2108 594 2150 Megaronides?“
619 2111 692 2141 alius
716 2111 806 2141 lateat
831 2111 923 2141 Plauti
946 2120 1066 2149 versus,
1090 2111 1148 2141 hoc
1170 2111 1296 2140 similive
1320 2110 1408 2139 modo
1433 2109 1645 2148 concipiendus

570 2165 651 2205 γ,(ΣΑ.
677 2166 769 2204 [Νυιη
793 2167 920 2205 amicus]
945 2170 1035 2207 atque
1059 2166 1191 2206 aequalis
1218 2169 1296 2204 [est]
1321 2164 1555 2206 Megaronides?

676 2221 702 2252 0
725 2223 828 2261 amice,
852 2223 945 2253 salve.
992 2223 1054 2253 ΜΕ.
1078 2226 1109 2253 et
1133 2226 1164 2253 tu
1186 2222 1294 2262 edepol
1318 2222 1412 2260 salve,
1435 2220 1599 2251 Callicles.“

343 2274 482 2307 Ceterum
506 2276 541 2307 cf.
566 2276 640 2308 Rud.
665 2277 688 2315 Ι,
710 2277 742 2316 4,
770 2278 817 2309 10.
842 2298 880 2303 -
905 2279 928 2318 Ι,
951 2278 982 2317 2,
1005 2278 1046 2308 34
1071 2282 1118 2316 (ν.
1142 2278 1209 2316 72).
1250 2278 1383 2318 Conjicio
1399 2277 1547 2317 equidem,
1570 2276 1662 2315 „Nam
1685 2275 1711 2306 si
1734 2275 1762 2305 in
1787 2277 1817 2305 te

341 2335 500 2373 aegrotant
522 2336 602 2364 artes
626 2334 766 2374 antiquae
790 2338 868 2374 tuae,
899 2335 906 2375 Ι
935 2338 987 2366 aut
1008 2336 1034 2365 si
1064 2335 1218 2366 demutant
1248 2343 1347 2365 mores
1376 2334 1529 2375 ingenium
1560 2336 1651 2369 tuum,
1680 2330 1687 2371 Ι
1717 2339 1816 2370 neque

343 2390 432 2418 tuos
454 2389 593 2429 antiquos
615 2398 733 2429 servm,
756 2391 824 2422 sed
846 2394 950 2432 captas
966 2400 1076 2432 novos,
1095 2393 1103 2434 Ι
1122 2392 1260 2424 omnibus
1276 2392 1378 2423 amicis
1397 2393 1464 2421 —.“
1508 2389 1679 2430 Legebatur
1700 2395 1818 2427 „neque

1561 2443 1578 2476 ι
1590 2443 1609 2463 3
