<?xml version="1.0" encoding="UTF-8"?>
<!DOCTYPE html PUBLIC "-//W3C//DTD XHTML 1.0 Transitional//EN"
    "http://www.w3.org/TR/xhtml1/DTD/xhtml1-transitional.dtd">
<html xmlns="http://www.w3.org/1999/xhtml" xml:lang="en" lang="en">
 <head>
  <title>
</title>
<meta http-equiv="Content-Type" content="text/html;charset=utf-8" />
  <meta name='ocr-system' content='tesseract 3.04.00' />
  <meta name='ocr-capabilities' content='ocr_page ocr_carea ocr_par ocr_line ocrx_word'/>
</head>
<body>
  <div class='ocr_page' id='page_1' title='image "./locialiquotdiffi00frituoft_0012.png"; bbox 0 0 2157 2655; ppageno 0'>
   <div class='ocr_carea' id='block_1_1' title="bbox 907 151 1360 192">
    <p class='ocr_par' dir='ltr' id='par_1_1' title="bbox 907 151 1360 192">
     <span class='ocr_line' id='line_1_1' title="bbox 907 151 1360 192; baseline -0.004 -10"><span class='ocrx_word' id='word_1_1' title='bbox 907 178 1056 182; x_wconf 31' lang='lat' dir='ltr'>z*</span> <span class='ocrx_word' id='word_1_2' title='bbox 1119 151 1150 192; x_wconf 82' lang='lat'><strong>3</strong></span> <span class='ocrx_word' id='word_1_3' title='bbox 1213 176 1360 182; x_wconf 70' lang='lat'>—--</span> 
     </span>
    </p>
   </div>
   <div class='ocr_carea' id='block_1_2' title="bbox 407 272 1877 1421">
    <p class='ocr_par' dir='ltr' id='par_1_2' title="bbox 407 272 1877 1421">
     <span class='ocr_line' id='line_1_2' title="bbox 409 272 1865 321; baseline -0.006 -7"><span class='ocrx_word' id='word_1_4' title='bbox 409 292 477 314; x_wconf 88' lang='lat' dir='ltr'>nem</span> <span class='ocrx_word' id='word_1_5' title='bbox 501 280 692 321; x_wconf 81' lang='lat' dir='ltr'>„Olympico“</span> <span class='ocrx_word' id='word_1_6' title='bbox 714 277 852 319; x_wconf 82' lang='lat' dir='ltr'>probavit</span> <span class='ocrx_word' id='word_1_7' title='bbox 872 277 959 308; x_wconf 73' lang='lat' dir='ltr'>etiam</span> <span class='ocrx_word' id='word_1_8' title='bbox 982 275 1128 317; x_wconf 80' lang='lat' dir='ltr'>Bergkius</span> <span class='ocrx_word' id='word_1_9' title='bbox 1150 275 1169 307; x_wconf 90' lang='lat' dir='ltr'>l.</span> <span class='ocrx_word' id='word_1_10' title='bbox 1192 275 1209 306; x_wconf 92' lang='lat' dir='ltr'>l.</span> <span class='ocrx_word' id='word_1_11' title='bbox 1234 274 1288 312; x_wconf 80' lang='lat' dir='ltr'>(N.</span> <span class='ocrx_word' id='word_1_12' title='bbox 1314 273 1374 306; x_wconf 77' lang='lat'>144</span> <span class='ocrx_word' id='word_1_13' title='bbox 1397 284 1426 316; x_wconf 90' lang='lat' dir='ltr'>p.</span> <span class='ocrx_word' id='word_1_14' title='bbox 1453 272 1571 312; x_wconf 69' lang='lat'>114632</span> <span class='ocrx_word' id='word_1_15' title='bbox 1599 275 1648 314; x_wconf 88' lang='lat' dir='ltr'>qui</span> <span class='ocrx_word' id='word_1_16' title='bbox 1677 275 1734 305; x_wconf 83' lang='lat' dir='ltr'>etsi</span> <span class='ocrx_word' id='word_1_17' title='bbox 1757 283 1865 306; x_wconf 85' lang='lat' dir='ltr'>nomen</span> 
     </span>
     <span class='ocr_line' id='line_1_3' title="bbox 407 329 1864 378; baseline -0.007 -8"><span class='ocrx_word' id='word_1_18' title='bbox 407 334 607 378; x_wconf 65' lang='grc' dir='ltr'><strong><em>Ὀλυμπικὰς</em></strong></span> <span class='ocrx_word' id='word_1_19' title='bbox 629 345 667 366; x_wconf 83' lang='lat' dir='ltr'>ex</span> <span class='ocrx_word' id='word_1_20' title='bbox 679 333 953 374; x_wconf 86' lang='lat' dir='ltr'>lnscriptioneipse</span> <span class='ocrx_word' id='word_1_21' title='bbox 978 331 1070 370; x_wconf 78' lang='lat' dir='ltr'>affert,</span> <span class='ocrx_word' id='word_1_22' title='bbox 1087 334 1170 372; x_wconf 79' lang='lat' dir='ltr'>putat</span> <span class='ocrx_word' id='word_1_23' title='bbox 1192 334 1289 361; x_wconf 86' lang='lat' dir='ltr'>tamen</span> <span class='ocrx_word' id='word_1_24' title='bbox 1308 331 1395 361; x_wconf 82' lang='lat' dir='ltr'>etiam</span> <span class='ocrx_word' id='word_1_25' title='bbox 1418 329 1628 370; x_wconf 73' lang='lat' dir='ltr'>„Olympicho“</span> <span class='ocrx_word' id='word_1_26' title='bbox 1648 330 1737 361; x_wconf 81' lang='lat' dir='ltr'><strong>scribi</strong></span> <span class='ocrx_word' id='word_1_27' title='bbox 1762 339 1864 370; x_wconf 87' lang='lat' dir='ltr'>posse.</span> 
     </span>
     <span class='ocr_line' id='line_1_4' title="bbox 412 384 1867 431; baseline -0.005 -7"><span class='ocrx_word' id='word_1_28' title='bbox 412 394 507 424; x_wconf 87' lang='lat' dir='ltr'>Unum</span> <span class='ocrx_word' id='word_1_29' title='bbox 531 393 666 431; x_wconf 79' lang='lat' dir='ltr'>idemque</span> <span class='ocrx_word' id='word_1_30' title='bbox 690 399 796 421; x_wconf 89' lang='lat' dir='ltr'>nomen</span> <span class='ocrx_word' id='word_1_31' title='bbox 820 389 873 420; x_wconf 76' lang='lat' dir='ltr'>suit</span> <span class='ocrx_word' id='word_1_32' title='bbox 892 385 1091 428; x_wconf 81' lang='grc' dir='ltr'><strong><em>Ὀλυμπικὸς</em></strong></span> <span class='ocrx_word' id='word_1_33' title='bbox 1113 390 1144 417; x_wconf 89' lang='lat' dir='ltr'>et</span> <span class='ocrx_word' id='word_1_34' title='bbox 1162 384 1370 428; x_wconf 54' lang='grc' dir='ltr'><strong><em>Ὀλύμπιχος,</em></strong></span> <span class='ocrx_word' id='word_1_35' title='bbox 1394 386 1432 415; x_wconf 81' lang='lat' dir='ltr'>ita</span> <span class='ocrx_word' id='word_1_36' title='bbox 1451 389 1548 416; x_wconf 78' lang='lat' dir='ltr'>tamen</span> <span class='ocrx_word' id='word_1_37' title='bbox 1564 389 1596 416; x_wconf 91' lang='lat' dir='ltr'>ut</span> <span class='ocrx_word' id='word_1_38' title='bbox 1610 386 1758 426; x_wconf 83' lang='lat' dir='ltr'><strong>posterior</strong></span> <span class='ocrx_word' id='word_1_39' title='bbox 1773 385 1867 416; x_wconf 75' lang='lat' dir='ltr'>forma</span> 
     </span>
     <span class='ocr_line' id='line_1_5' title="bbox 411 441 1868 490; baseline -0.006 -10"><span class='ocrx_word' id='word_1_40' title='bbox 411 449 532 490; x_wconf 85' lang='lat' dir='ltr'>proprie</span> <span class='ocrx_word' id='word_1_41' title='bbox 555 448 643 478; x_wconf 87' lang='lat' dir='ltr'>suerit</span> <span class='ocrx_word' id='word_1_42' title='bbox 665 446 782 477; x_wconf 78' lang='lat' dir='ltr'>dorica:</span> <span class='ocrx_word' id='word_1_43' title='bbox 805 445 841 475; x_wconf 88' lang='lat' dir='ltr'>dc</span> <span class='ocrx_word' id='word_1_44' title='bbox 865 452 925 484; x_wconf 86' lang='lat' dir='ltr'>quo</span> <span class='ocrx_word' id='word_1_45' title='bbox 947 452 1061 484; x_wconf 81' lang='lat' dir='ltr'>genere</span> <span class='ocrx_word' id='word_1_46' title='bbox 1084 443 1193 482; x_wconf 87' lang='lat' dir='ltr'>optime</span> <span class='ocrx_word' id='word_1_47' title='bbox 1217 442 1385 482; x_wconf 86' lang='lat' dir='ltr'>expositum</span> <span class='ocrx_word' id='word_1_48' title='bbox 1408 445 1457 472; x_wconf 90' lang='lat' dir='ltr'>est</span> <span class='ocrx_word' id='word_1_49' title='bbox 1478 451 1494 472; x_wconf 79' lang='lat' dir='ltr'><strong>a</strong></span> <span class='ocrx_word' id='word_1_50' title='bbox 1517 442 1707 482; x_wconf 80' lang='lat' dir='ltr'>grammatico</span> <span class='ocrx_word' id='word_1_51' title='bbox 1723 442 1753 472; x_wconf 94' lang='lat' dir='ltr'>in</span> <span class='ocrx_word' id='word_1_52' title='bbox 1772 441 1868 481; x_wconf 73' lang='lat' dir='ltr'>Etym.</span> 
     </span>
     <span class='ocr_line' id='line_1_6' title="bbox 412 496 1869 544; baseline -0.006 -9"><span class='ocrx_word' id='word_1_53' title='bbox 412 505 450 536; x_wconf 81' lang='grc' dir='ltr'>Μ.</span> <span class='ocrx_word' id='word_1_54' title='bbox 474 514 502 544; x_wconf 88' lang='lat' dir='ltr'>p.</span> <span class='ocrx_word' id='word_1_55' title='bbox 526 502 598 540; x_wconf 82' lang='lat'>582,</span> <span class='ocrx_word' id='word_1_56' title='bbox 622 501 672 539; x_wconf 81' lang='lat'>39,</span> <span class='ocrx_word' id='word_1_57' title='bbox 697 505 756 532; x_wconf 91' lang='lat' dir='ltr'>tum</span> <span class='ocrx_word' id='word_1_58' title='bbox 780 510 796 530; x_wconf 84' lang='lat' dir='ltr'>a</span> <span class='ocrx_word' id='word_1_59' title='bbox 819 500 932 531; x_wconf 84' lang='lat' dir='ltr'>Koenio</span> <span class='ocrx_word' id='word_1_60' title='bbox 954 499 990 529; x_wconf 84' lang='lat' dir='ltr'>ad</span> <span class='ocrx_word' id='word_1_61' title='bbox 1014 499 1139 539; x_wconf 83' lang='lat' dir='ltr'>Gregor.</span> <span class='ocrx_word' id='word_1_62' title='bbox 1163 497 1232 529; x_wconf 89' lang='lat' dir='ltr'>Cor.</span> <span class='ocrx_word' id='word_1_63' title='bbox 1256 507 1284 537; x_wconf 89' lang='lat' dir='ltr'>p.</span> <span class='ocrx_word' id='word_1_64' title='bbox 1308 496 1372 527; x_wconf 81' lang='lat'>29⁰</span> <span class='ocrx_word' id='word_1_65' title='bbox 1394 506 1460 537; x_wconf 87' lang='lat' dir='ltr'><strong>sqq.</strong></span> <span class='ocrx_word' id='word_1_66' title='bbox 1490 500 1521 527; x_wconf 90' lang='lat' dir='ltr'>et</span> <span class='ocrx_word' id='word_1_67' title='bbox 1543 497 1693 528; x_wconf 83' lang='lat' dir='ltr'>Lobeckio</span> <span class='ocrx_word' id='word_1_68' title='bbox 1717 497 1869 537; x_wconf 76' lang='lat' dir='ltr'>Patholog.</span> 
     </span>
     <span class='ocr_line' id='line_1_7' title="bbox 414 552 1870 601; baseline -0.005 -12"><span class='ocrx_word' id='word_1_69' title='bbox 414 570 444 601; x_wconf 88' lang='lat' dir='ltr'>p.</span> <span class='ocrx_word' id='word_1_70' title='bbox 470 558 542 590; x_wconf 71' lang='lat'>342.</span> <span class='ocrx_word' id='word_1_71' title='bbox 588 558 726 589; x_wconf 78' lang='lat' dir='ltr'>Attamen</span> <span class='ocrx_word' id='word_1_72' title='bbox 750 556 842 586; x_wconf 78' lang='lat' dir='ltr'>forma</span> <span class='ocrx_word' id='word_1_73' title='bbox 862 552 1065 597; x_wconf 59' lang='grc' dir='ltr'><strong><em>Ὀλύμπιχος</em></strong></span> <span class='ocrx_word' id='word_1_74' title='bbox 1088 562 1298 593; x_wconf 83' lang='lat' dir='ltr'>nonnunquam</span> <span class='ocrx_word' id='word_1_75' title='bbox 1322 553 1378 593; x_wconf 90' lang='lat' dir='ltr'>ipsi</span> <span class='ocrx_word' id='word_1_76' title='bbox 1401 553 1492 583; x_wconf 81' lang='lat' dir='ltr'>Attici</span> <span class='ocrx_word' id='word_1_77' title='bbox 1515 556 1649 591; x_wconf 92' lang='lat' dir='ltr'>utuntur,</span> <span class='ocrx_word' id='word_1_78' title='bbox 1679 553 1769 583; x_wconf 88' lang='lat' dir='ltr'>veluti</span> <span class='ocrx_word' id='word_1_79' title='bbox 1792 552 1870 582; x_wconf 92' lang='lat' dir='ltr'>Dio—</span> 
     </span>
     <span class='ocr_line' id='line_1_8' title="bbox 412 607 1873 656; baseline -0.005 -10"><span class='ocrx_word' id='word_1_80' title='bbox 412 616 522 656; x_wconf 88' lang='lat' dir='ltr'>xippus</span> <span class='ocrx_word' id='word_1_81' title='bbox 546 614 676 644; x_wconf 90' lang='lat' dir='ltr'>comicus</span> <span class='ocrx_word' id='word_1_82' title='bbox 701 622 746 652; x_wconf 77' lang='lat' dir='ltr'>ap.</span> <span class='ocrx_word' id='word_1_83' title='bbox 771 612 880 642; x_wconf 81' lang='lat' dir='ltr'>Athen.</span> <span class='ocrx_word' id='word_1_84' title='bbox 905 610 945 640; x_wconf 87' lang='lat' dir='ltr'>Xl</span> <span class='ocrx_word' id='word_1_85' title='bbox 969 620 996 650; x_wconf 88' lang='lat' dir='ltr'>p.</span> <span class='ocrx_word' id='word_1_86' title='bbox 1021 609 1093 647; x_wconf 82' lang='lat'>502,</span> <span class='ocrx_word' id='word_1_87' title='bbox 1117 609 1135 639; x_wconf 92' lang='lat' dir='ltr'>d</span> <span class='ocrx_word' id='word_1_88' title='bbox 1158 612 1188 639; x_wconf 88' lang='lat' dir='ltr'>et</span> <span class='ocrx_word' id='word_1_89' title='bbox 1210 609 1428 640; x_wconf 82' lang='lat' dir='ltr'>Demosthenes</span> <span class='ocrx_word' id='word_1_90' title='bbox 1452 612 1481 639; x_wconf 89' lang='lat' dir='ltr'>in</span> <span class='ocrx_word' id='word_1_91' title='bbox 1504 608 1607 639; x_wconf 87' lang='lat' dir='ltr'>Eubul.</span> <span class='ocrx_word' id='word_1_92' title='bbox 1631 607 1682 646; x_wconf 85' lang='lat'>38,</span> <span class='ocrx_word' id='word_1_93' title='bbox 1705 608 1724 638; x_wconf 89' lang='grc'>7</span> <span class='ocrx_word' id='word_1_94' title='bbox 1749 608 1778 638; x_wconf 91' lang='lat' dir='ltr'>B.</span> <span class='ocrx_word' id='word_1_95' title='bbox 1815 607 1873 638; x_wconf 88' lang='lat' dir='ltr'>Sed</span> 
     </span>
     <span class='ocr_line' id='line_1_9' title="bbox 415 664 1872 710; baseline -0.005 -10"><span class='ocrx_word' id='word_1_96' title='bbox 415 680 504 710; x_wconf 84' lang='lat' dir='ltr'>quum</span> <span class='ocrx_word' id='word_1_97' title='bbox 528 669 721 708; x_wconf 83' lang='lat' dir='ltr'>Etymologus</span> <span class='ocrx_word' id='word_1_98' title='bbox 745 667 762 697; x_wconf 90' lang='lat' dir='ltr'>l.</span> <span class='ocrx_word' id='word_1_99' title='bbox 786 667 804 697; x_wconf 94' lang='lat' dir='ltr'>l.</span> <span class='ocrx_word' id='word_1_100' title='bbox 829 670 983 705; x_wconf 79' lang='lat' dir='ltr'>utramque</span> <span class='ocrx_word' id='word_1_101' title='bbox 1006 665 1132 695; x_wconf 86' lang='lat' dir='ltr'>nominis</span> <span class='ocrx_word' id='word_1_102' title='bbox 1155 664 1278 695; x_wconf 79' lang='lat' dir='ltr'>formum</span> <span class='ocrx_word' id='word_1_103' title='bbox 1302 665 1413 695; x_wconf 77' lang='lat' dir='ltr'>diserte</span> <span class='ocrx_word' id='word_1_104' title='bbox 1436 667 1590 705; x_wconf 81' lang='lat' dir='ltr'>agnoscat,</span> <span class='ocrx_word' id='word_1_105' title='bbox 1621 673 1681 694; x_wconf 90' lang='lat' dir='ltr'>non</span> <span class='ocrx_word' id='word_1_106' title='bbox 1706 664 1800 693; x_wconf 79' lang='lat' dir='ltr'>nostri</span> <span class='ocrx_word' id='word_1_107' title='bbox 1822 671 1872 694; x_wconf 85' lang='lat' dir='ltr'>res</span> 
     </span>
     <span class='ocr_line' id='line_1_10' title="bbox 416 718 1872 762; baseline -0.005 -6"><span class='ocrx_word' id='word_1_108' title='bbox 416 726 526 756; x_wconf 77' lang='lat' dir='ltr'>arbitrii</span> <span class='ocrx_word' id='word_1_109' title='bbox 550 728 606 762; x_wconf 85' lang='lat' dir='ltr'>est,</span> <span class='ocrx_word' id='word_1_110' title='bbox 630 724 682 754; x_wconf 86' lang='lat' dir='ltr'>sed</span> <span class='ocrx_word' id='word_1_111' title='bbox 706 723 838 753; x_wconf 85' lang='lat' dir='ltr'>codicum</span> <span class='ocrx_word' id='word_1_112' title='bbox 862 722 1022 752; x_wconf 73' lang='lat' dir='ltr'>auctoritas</span> <span class='ocrx_word' id='word_1_113' title='bbox 1046 721 1207 760; x_wconf 80' lang='lat' dir='ltr'>sequenda.</span> <span class='ocrx_word' id='word_1_114' title='bbox 1232 738 1269 743; x_wconf 93' lang='lat'><em>-</em></span> <span class='ocrx_word' id='word_1_115' title='bbox 1295 720 1330 758; x_wconf 87' lang='grc' dir='ltr'>ΙΙ,</span> <span class='ocrx_word' id='word_1_116' title='bbox 1358 719 1388 758; x_wconf 78' lang='lat' dir='ltr'>li,</span> <span class='ocrx_word' id='word_1_117' title='bbox 1412 718 1449 749; x_wconf 81' lang='lat'>91</span> <span class='ocrx_word' id='word_1_118' title='bbox 1477 723 1523 757; x_wconf 83' lang='lat' dir='ltr'>(v.</span> <span class='ocrx_word' id='word_1_119' title='bbox 1547 718 1638 757; x_wconf 80' lang='lat'>492).</span> <span class='ocrx_word' id='word_1_120' title='bbox 1684 720 1736 757; x_wconf 87' lang='lat' dir='ltr'>„Di</span> <span class='ocrx_word' id='word_1_121' title='bbox 1767 719 1872 749; x_wconf 81' lang='lat' dir='ltr'>divites</span> 
     </span>
     <span class='ocr_line' id='line_1_11' title="bbox 415 775 1873 818; baseline -0.005 -7"><span class='ocrx_word' id='word_1_122' title='bbox 415 785 494 818; x_wconf 89' lang='lat' dir='ltr'>sunt,</span> <span class='ocrx_word' id='word_1_123' title='bbox 509 780 582 810; x_wconf 89' lang='lat' dir='ltr'>deos</span> <span class='ocrx_word' id='word_1_124' title='bbox 598 780 705 810; x_wconf 89' lang='lat' dir='ltr'>decent</span> <span class='ocrx_word' id='word_1_125' title='bbox 720 778 888 818; x_wconf 77' lang='lat' dir='ltr'>opulentiae</span> <span class='ocrx_word' id='word_1_126' title='bbox 909 786 913 813; x_wconf 79' lang='grc' dir='ltr'>ι</span> <span class='ocrx_word' id='word_1_127' title='bbox 933 780 963 807; x_wconf 82' lang='lat' dir='ltr'>et</span> <span class='ocrx_word' id='word_1_128' title='bbox 979 777 1138 807; x_wconf 77' lang='lat' dir='ltr'>sactiones:</span> <span class='ocrx_word' id='word_1_129' title='bbox 1156 785 1259 806; x_wconf 89' lang='lat' dir='ltr'>verum</span> <span class='ocrx_word' id='word_1_130' title='bbox 1275 784 1329 806; x_wconf 86' lang='lat' dir='ltr'>nos</span> <span class='ocrx_word' id='word_1_131' title='bbox 1346 775 1513 806; x_wconf 81' lang='lat' dir='ltr'>homunculi</span> <span class='ocrx_word' id='word_1_132' title='bbox 1534 777 1538 813; x_wconf 84' lang='grc'>1</span> <span class='ocrx_word' id='word_1_133' title='bbox 1559 775 1726 806; x_wconf 82' lang='lat' dir='ltr'>satillum</span> <span class='ocrx_word' id='word_1_134' title='bbox 1742 775 1873 805; x_wconf 78' lang='lat' dir='ltr'>animae:</span> 
     </span>
     <span class='ocr_line' id='line_1_12' title="bbox 416 831 1875 876; baseline -0.004 -10"><span class='ocrx_word' id='word_1_135' title='bbox 416 837 465 876; x_wconf 83' lang='lat' dir='ltr'>qui</span> <span class='ocrx_word' id='word_1_136' title='bbox 489 846 578 876; x_wconf 89' lang='lat' dir='ltr'>quum</span> <span class='ocrx_word' id='word_1_137' title='bbox 602 834 750 874; x_wconf 87' lang='lat' dir='ltr'>extemplo</span> <span class='ocrx_word' id='word_1_138' title='bbox 773 833 934 870; x_wconf 84' lang='lat' dir='ltr'>emisimus,</span> <span class='ocrx_word' id='word_1_139' title='bbox 955 834 959 873; x_wconf 81' lang='grc' dir='ltr'>Ι</span> <span class='ocrx_word' id='word_1_140' title='bbox 980 841 1075 872; x_wconf 83' lang='lat' dir='ltr'>aequo</span> <span class='ocrx_word' id='word_1_141' title='bbox 1099 832 1249 862; x_wconf 89' lang='lat' dir='ltr'>mendicus</span> <span class='ocrx_word' id='word_1_142' title='bbox 1273 835 1362 871; x_wconf 85' lang='lat' dir='ltr'>atque</span> <span class='ocrx_word' id='word_1_143' title='bbox 1378 831 1424 861; x_wconf 87' lang='lat' dir='ltr'>ille</span> <span class='ocrx_word' id='word_1_144' title='bbox 1439 831 1690 871; x_wconf 83' lang='lat' dir='ltr'>opulentissumus</span> <span class='ocrx_word' id='word_1_145' title='bbox 1711 832 1716 871; x_wconf 86' lang='grc' dir='ltr'>Ι</span> <span class='ocrx_word' id='word_1_146' title='bbox 1735 834 1875 861; x_wconf 83' lang='lat' dir='ltr'>censetur</span> 
     </span>
     <span class='ocr_line' id='line_1_13' title="bbox 418 886 1876 927; baseline -0.004 -5"><span class='ocrx_word' id='word_1_147' title='bbox 418 901 511 922; x_wconf 83' lang='lat' dir='ltr'>censu</span> <span class='ocrx_word' id='word_1_148' title='bbox 541 891 576 921; x_wconf 82' lang='lat' dir='ltr'>ad</span> <span class='ocrx_word' id='word_1_149' title='bbox 607 890 807 920; x_wconf 81' lang='lat' dir='ltr'>Acheruntem</span> <span class='ocrx_word' id='word_1_150' title='bbox 836 890 998 918; x_wconf 88' lang='lat' dir='ltr'>mortuus.“</span> <span class='ocrx_word' id='word_1_151' title='bbox 1044 887 1202 918; x_wconf 81' lang='lat' dir='ltr'>Ridiculani</span> <span class='ocrx_word' id='word_1_152' title='bbox 1234 888 1432 927; x_wconf 82' lang='lat' dir='ltr'>conjecturam</span> <span class='ocrx_word' id='word_1_153' title='bbox 1464 887 1622 925; x_wconf 79' lang='lat' dir='ltr'>„salilluui“</span> <span class='ocrx_word' id='word_1_154' title='bbox 1648 888 1717 927; x_wconf 90' lang='lat' dir='ltr'>jure</span> <span class='ocrx_word' id='word_1_155' title='bbox 1747 886 1876 926; x_wconf 78' lang='lat' dir='ltr'>explosit</span> 
     </span>
     <span class='ocr_line' id='line_1_14' title="bbox 420 942 1876 985; baseline -0.004 -8"><span class='ocrx_word' id='word_1_156' title='bbox 420 947 614 978; x_wconf 86' lang='lat' dir='ltr'>Rilschelius:</span> <span class='ocrx_word' id='word_1_157' title='bbox 639 946 688 985; x_wconf 86' lang='lat' dir='ltr'>qui</span> <span class='ocrx_word' id='word_1_158' title='bbox 712 954 788 984; x_wconf 84' lang='lat' dir='ltr'>quae</span> <span class='ocrx_word' id='word_1_159' title='bbox 811 945 847 974; x_wconf 90' lang='lat' dir='ltr'>de</span> <span class='ocrx_word' id='word_1_160' title='bbox 870 944 956 983; x_wconf 84' lang='lat' dir='ltr'>hujus</span> <span class='ocrx_word' id='word_1_161' title='bbox 980 944 997 973; x_wconf 87' lang='lat' dir='ltr'>l.</span> <span class='ocrx_word' id='word_1_162' title='bbox 1021 944 1209 974; x_wconf 84' lang='lat' dir='ltr'>restitutione</span> <span class='ocrx_word' id='word_1_163' title='bbox 1232 953 1250 983; x_wconf 91' lang='lat' dir='ltr'>p</span> <span class='ocrx_word' id='word_1_164' title='bbox 1285 943 1405 973; x_wconf 79' lang='lat' dir='ltr'>Lxxlx</span> <span class='ocrx_word' id='word_1_165' title='bbox 1428 946 1458 973; x_wconf 86' lang='lat' dir='ltr'>et</span> <span class='ocrx_word' id='word_1_166' title='bbox 1481 953 1508 982; x_wconf 89' lang='lat' dir='ltr'>p.</span> <span class='ocrx_word' id='word_1_167' title='bbox 1524 942 1693 973; x_wconf 88' lang='lat' dir='ltr'>CCCXXlV</span> <span class='ocrx_word' id='word_1_168' title='bbox 1715 943 1780 982; x_wconf 83' lang='lat' dir='ltr'>ipse</span> <span class='ocrx_word' id='word_1_169' title='bbox 1794 942 1876 980; x_wconf 82' lang='lat' dir='ltr'>dixit,</span> 
     </span>
     <span class='ocr_line' id='line_1_15' title="bbox 417 998 1874 1043; baseline -0.004 -10"><span class='ocrx_word' id='word_1_170' title='bbox 417 1003 527 1033; x_wconf 89' lang='lat' dir='ltr'>invitus</span> <span class='ocrx_word' id='word_1_171' title='bbox 556 1002 624 1042; x_wconf 83' lang='lat' dir='ltr'>legi.</span> <span class='ocrx_word' id='word_1_172' title='bbox 675 1001 816 1043; x_wconf 61' lang='lat' dir='ltr'>Equidem</span> <span class='ocrx_word' id='word_1_173' title='bbox 847 1000 982 1039; x_wconf 84' lang='lat' dir='ltr'>conjicio,</span> <span class='ocrx_word' id='word_1_174' title='bbox 1012 999 1154 1038; x_wconf 81' lang='lat' dir='ltr'>„scintilla</span> <span class='ocrx_word' id='word_1_175' title='bbox 1185 999 1306 1029; x_wconf 83' lang='lat' dir='ltr'>animai“</span> <span class='ocrx_word' id='word_1_176' title='bbox 1335 999 1399 1029; x_wconf 89' lang='lat' dir='ltr'>sive</span> <span class='ocrx_word' id='word_1_177' title='bbox 1428 998 1508 1028; x_wconf 81' lang='lat' dir='ltr'>malis</span> <span class='ocrx_word' id='word_1_178' title='bbox 1543 998 1714 1036; x_wconf 84' lang='lat' dir='ltr'>„scintillula</span> <span class='ocrx_word' id='word_1_179' title='bbox 1745 998 1874 1028; x_wconf 80' lang='lat' dir='ltr'>animae:</span> 
     </span>
     <span class='ocr_line' id='line_1_16' title="bbox 419 1052 1875 1098; baseline -0.003 -11"><span class='ocrx_word' id='word_1_180' title='bbox 419 1067 506 1098; x_wconf 81' lang='lat' dir='ltr'>quani</span> <span class='ocrx_word' id='word_1_181' title='bbox 531 1067 619 1097; x_wconf 88' lang='lat' dir='ltr'>quum</span> <span class='ocrx_word' id='word_1_182' title='bbox 643 1056 790 1095; x_wconf 86' lang='lat' dir='ltr'>extemplo</span> <span class='ocrx_word' id='word_1_183' title='bbox 814 1056 964 1085; x_wconf 87' lang='lat' dir='ltr'>emisimus</span> <span class='ocrx_word' id='word_1_184' title='bbox 989 1058 1056 1084; x_wconf 84' lang='lat'>—.“</span> <span class='ocrx_word' id='word_1_185' title='bbox 1100 1055 1176 1085; x_wconf 90' lang='lat' dir='ltr'>Nolo</span> <span class='ocrx_word' id='word_1_186' title='bbox 1200 1056 1240 1085; x_wconf 88' lang='lat' dir='ltr'>uti</span> <span class='ocrx_word' id='word_1_187' title='bbox 1265 1054 1402 1085; x_wconf 74' lang='lat' dir='ltr'>inferiore</span> <span class='ocrx_word' id='word_1_188' title='bbox 1426 1054 1490 1085; x_wconf 90' lang='lat' dir='ltr'>loco</span> <span class='ocrx_word' id='word_1_189' title='bbox 1523 1054 1569 1091; x_wconf 86' lang='grc' dir='ltr'>ΙΙΙ,</span> <span class='ocrx_word' id='word_1_190' title='bbox 1594 1053 1623 1091; x_wconf 77' lang='grc'>2,</span> <span class='ocrx_word' id='word_1_191' title='bbox 1648 1053 1688 1083; x_wconf 78' lang='grc'>52</span> <span class='ocrx_word' id='word_1_192' title='bbox 1712 1057 1758 1090; x_wconf 83' lang='lat' dir='ltr'>(v.</span> <span class='ocrx_word' id='word_1_193' title='bbox 1783 1052 1875 1091; x_wconf 79' lang='lat'>678),</span> 
     </span>
     <span class='ocr_line' id='line_1_17' title="bbox 419 1108 1875 1151; baseline -0.003 -8"><span class='ocrx_word' id='word_1_194' title='bbox 419 1114 467 1144; x_wconf 90' lang='lat' dir='ltr'>ubi</span> <span class='ocrx_word' id='word_1_195' title='bbox 492 1123 518 1142; x_wconf 92' lang='lat' dir='ltr'>v.</span> <span class='ocrx_word' id='word_1_196' title='bbox 543 1112 730 1151; x_wconf 71' lang='lat' dir='ltr'>„scintillam“</span> <span class='ocrx_word' id='word_1_197' title='bbox 753 1112 808 1141; x_wconf 79' lang='lat' dir='ltr'>alio</span> <span class='ocrx_word' id='word_1_198' title='bbox 834 1112 920 1141; x_wconf 83' lang='lat' dir='ltr'>niodo</span> <span class='ocrx_word' id='word_1_199' title='bbox 943 1115 1114 1151; x_wconf 86' lang='lat' dir='ltr'>corruptum</span> <span class='ocrx_word' id='word_1_200' title='bbox 1138 1114 1193 1141; x_wconf 83' lang='lat' dir='ltr'>est.</span> <span class='ocrx_word' id='word_1_201' title='bbox 1239 1111 1296 1141; x_wconf 86' lang='lat' dir='ltr'>Sed</span> <span class='ocrx_word' id='word_1_202' title='bbox 1320 1110 1463 1140; x_wconf 87' lang='lat' dir='ltr'>simillimo</span> <span class='ocrx_word' id='word_1_203' title='bbox 1491 1110 1577 1140; x_wconf 89' lang='lat' dir='ltr'>modo</span> <span class='ocrx_word' id='word_1_204' title='bbox 1601 1109 1794 1140; x_wconf 79' lang='lat' dir='ltr'>Philostratus</span> <span class='ocrx_word' id='word_1_205' title='bbox 1819 1108 1875 1138; x_wconf 88' lang='lat' dir='ltr'>vit.</span> 
     </span>
     <span class='ocr_line' id='line_1_18' title="bbox 419 1164 1876 1208; baseline -0.004 -9"><span class='ocrx_word' id='word_1_206' title='bbox 419 1168 559 1208; x_wconf 77' lang='lat' dir='ltr'>Apollon.</span> <span class='ocrx_word' id='word_1_207' title='bbox 591 1167 639 1205; x_wconf 85' lang='lat' dir='ltr'>lv,</span> <span class='ocrx_word' id='word_1_208' title='bbox 669 1166 710 1196; x_wconf 75' lang='lat'>45</span> <span class='ocrx_word' id='word_1_209' title='bbox 739 1176 766 1206; x_wconf 89' lang='lat' dir='ltr'>p.</span> <span class='ocrx_word' id='word_1_210' title='bbox 799 1166 859 1196; x_wconf 80' lang='lat'>186</span> <span class='ocrx_word' id='word_1_211' title='bbox 889 1167 1012 1207; x_wconf 81' lang='lat' dir='ltr'>exiguas</span> <span class='ocrx_word' id='word_1_212' title='bbox 1044 1167 1121 1196; x_wconf 81' lang='lat' dir='ltr'>vitae</span> <span class='ocrx_word' id='word_1_213' title='bbox 1150 1166 1289 1206; x_wconf 79' lang='lat' dir='ltr'>reliquias</span> <span class='ocrx_word' id='word_1_214' title='bbox 1315 1168 1482 1206; x_wconf 70' lang='grc' dir='ltr'>σπινθῆρα</span> <span class='ocrx_word' id='word_1_215' title='bbox 1504 1168 1562 1205; x_wconf 75' lang='grc' dir='ltr'>τῆς</span> <span class='ocrx_word' id='word_1_216' title='bbox 1584 1168 1686 1207; x_wconf 74' lang='grc' dir='ltr'><strong><em>ψυχῆς</em></strong></span> <span class='ocrx_word' id='word_1_217' title='bbox 1709 1164 1876 1204; x_wconf 79' lang='lat' dir='ltr'>appellavit.</span> 
     </span>
     <span class='ocr_line' id='line_1_19' title="bbox 420 1221 1872 1263; baseline -0.002 -10"><span class='ocrx_word' id='word_1_218' title='bbox 420 1223 513 1259; x_wconf 81' lang='lat' dir='ltr'>Quam</span> <span class='ocrx_word' id='word_1_219' title='bbox 537 1224 736 1263; x_wconf 83' lang='lat' dir='ltr'>conjecturam</span> <span class='ocrx_word' id='word_1_220' title='bbox 760 1222 817 1251; x_wconf 89' lang='lat' dir='ltr'>hoc</span> <span class='ocrx_word' id='word_1_221' title='bbox 834 1223 926 1262; x_wconf 83' lang='lat' dir='ltr'>magis</span> <span class='ocrx_word' id='word_1_222' title='bbox 943 1222 1119 1253; x_wconf 78' lang='lat' dir='ltr'>afferendum</span> <span class='ocrx_word' id='word_1_223' title='bbox 1137 1223 1246 1262; x_wconf 84' lang='lat' dir='ltr'>putavi,</span> <span class='ocrx_word' id='word_1_224' title='bbox 1271 1222 1349 1261; x_wconf 87' lang='lat' dir='ltr'>quod</span> <span class='ocrx_word' id='word_1_225' title='bbox 1365 1222 1393 1251; x_wconf 95' lang='lat' dir='ltr'>in</span> <span class='ocrx_word' id='word_1_226' title='bbox 1406 1221 1528 1252; x_wconf 82' lang='lat' dir='ltr'>eandem</span> <span class='ocrx_word' id='word_1_227' title='bbox 1552 1230 1605 1261; x_wconf 85' lang='lat' dir='ltr'>per</span> <span class='ocrx_word' id='word_1_228' title='bbox 1619 1230 1652 1251; x_wconf 88' lang='lat' dir='ltr'>se</span> <span class='ocrx_word' id='word_1_229' title='bbox 1667 1221 1872 1250; x_wconf 82' lang='lat' dir='ltr'>Bachniannus</span> 
     </span>
     <span class='ocr_line' id='line_1_20' title="bbox 419 1276 1877 1319; baseline -0.002 -10"><span class='ocrx_word' id='word_1_230' title='bbox 419 1288 539 1319; x_wconf 85' lang='lat' dir='ltr'>quoque</span> <span class='ocrx_word' id='word_1_231' title='bbox 562 1278 670 1315; x_wconf 89' lang='lat' dir='ltr'>incidit,</span> <span class='ocrx_word' id='word_1_232' title='bbox 696 1278 739 1307; x_wconf 88' lang='lat' dir='ltr'>vir</span> <span class='ocrx_word' id='word_1_233' title='bbox 762 1278 966 1308; x_wconf 83' lang='lat' dir='ltr'>amicissimus.</span> <span class='ocrx_word' id='word_1_234' title='bbox 995 1296 1027 1300; x_wconf 91' lang='lat'>—</span> <span class='ocrx_word' id='word_1_235' title='bbox 1055 1279 1088 1316; x_wconf 93' lang='lat' dir='ltr'>ll,</span> <span class='ocrx_word' id='word_1_236' title='bbox 1112 1277 1142 1316; x_wconf 76' lang='lat' dir='ltr'>li,</span> <span class='ocrx_word' id='word_1_237' title='bbox 1168 1277 1228 1308; x_wconf 75' lang='lat'>102</span> <span class='ocrx_word' id='word_1_238' title='bbox 1246 1281 1291 1314; x_wconf 87' lang='lat' dir='ltr'>(v.</span> <span class='ocrx_word' id='word_1_239' title='bbox 1315 1277 1395 1315; x_wconf 81' lang='lat'>503)</span> <span class='ocrx_word' id='word_1_240' title='bbox 1420 1278 1493 1308; x_wconf 85' lang='lat' dir='ltr'>haec</span> <span class='ocrx_word' id='word_1_241' title='bbox 1515 1278 1552 1307; x_wconf 83' lang='lat' dir='ltr'>ita</span> <span class='ocrx_word' id='word_1_242' title='bbox 1577 1280 1749 1316; x_wconf 79' lang='lat' dir='ltr'>transpono,</span> <span class='ocrx_word' id='word_1_243' title='bbox 1774 1276 1877 1314; x_wconf 83' lang='lat' dir='ltr'>„elieu,</span> 
     </span>
     <span class='ocr_line' id='line_1_21' title="bbox 418 1332 1876 1374; baseline -0.002 -10"><span class='ocrx_word' id='word_1_244' title='bbox 418 1335 467 1365; x_wconf 87' lang='lat' dir='ltr'>ubi</span> <span class='ocrx_word' id='word_1_245' title='bbox 491 1335 530 1364; x_wconf 89' lang='lat' dir='ltr'>nil</span> <span class='ocrx_word' id='word_1_246' title='bbox 553 1337 616 1364; x_wconf 82' lang='lat' dir='ltr'>erat</span> <span class='ocrx_word' id='word_1_247' title='bbox 638 1342 710 1364; x_wconf 92' lang='lat' dir='ltr'>usus</span> <span class='ocrx_word' id='word_1_248' title='bbox 735 1333 822 1371; x_wconf 92' lang='lat' dir='ltr'>dicto,</span> <span class='ocrx_word' id='word_1_249' title='bbox 845 1334 979 1374; x_wconf 88' lang='lat' dir='ltr'>spondeo</span> <span class='ocrx_word' id='word_1_250' title='bbox 1000 1339 1006 1371; x_wconf 82' lang='grc' dir='ltr'>ι</span> <span class='ocrx_word' id='word_1_251' title='bbox 1026 1334 1155 1365; x_wconf 87' lang='lat' dir='ltr'>dicebat:</span> <span class='ocrx_word' id='word_1_252' title='bbox 1180 1343 1258 1364; x_wconf 90' lang='lat' dir='ltr'>nunc</span> <span class='ocrx_word' id='word_1_253' title='bbox 1283 1334 1338 1372; x_wconf 89' lang='lat' dir='ltr'>hic,</span> <span class='ocrx_word' id='word_1_254' title='bbox 1363 1343 1453 1373; x_wconf 89' lang='lat' dir='ltr'>quum</span> <span class='ocrx_word' id='word_1_255' title='bbox 1477 1341 1552 1373; x_wconf 88' lang='lat' dir='ltr'>opus</span> <span class='ocrx_word' id='word_1_256' title='bbox 1577 1336 1633 1371; x_wconf 90' lang='lat' dir='ltr'>est,</span> <span class='ocrx_word' id='word_1_257' title='bbox 1658 1341 1718 1363; x_wconf 88' lang='lat' dir='ltr'>non</span> <span class='ocrx_word' id='word_1_258' title='bbox 1742 1333 1805 1372; x_wconf 90' lang='lat' dir='ltr'>quit</span> <span class='ocrx_word' id='word_1_259' title='bbox 1828 1332 1876 1362; x_wconf 92' lang='lat' dir='ltr'>di-</span> 
     </span>
     <span class='ocr_line' id='line_1_22' title="bbox 418 1389 813 1421; baseline 0 -1"><span class='ocrx_word' id='word_1_260' title='bbox 418 1393 515 1421; x_wconf 85' lang='lat' dir='ltr'>cere“.</span> <span class='ocrx_word' id='word_1_261' title='bbox 560 1390 639 1420; x_wconf 84' lang='lat' dir='ltr'>Haec</span> <span class='ocrx_word' id='word_1_262' title='bbox 661 1389 813 1420; x_wconf 78' lang='lat' dir='ltr'>hactenus.</span> 
     </span>
    </p>
   </div>
  </div>
 </body>
</html>
