2157 2655
849 142 1306 183 ——6—

574 268 605 297 L.
634 267 728 303 Pater,
751 266 868 296 adsum:
892 266 1003 305 impera
1027 266 1152 306 quidvis,
1176 268 1273 307 neque
1296 267 1352 298 erit
1374 277 1456 298 mora
1478 269 1506 298 in
1529 279 1585 308 me,

632 331 687 352 nec
710 322 857 352 latebrose
880 331 926 352 me
949 322 1001 351 abs
1025 325 1076 352 tuo
1100 323 1261 362 conspeetu
1285 323 1446 354 occultabo.

554 379 610 410 l’ll.
635 379 752 409 Feceris
777 378 828 417 pair
852 378 908 408 tuis
933 377 1015 407 sactis
1039 378 1066 407 id
1091 378 1207 416 ceteris,

630 435 743 475 parque
766 433 874 473 pietati,
897 436 978 464 tuum
1001 433 1026 463 si
1049 436 1161 473 patrem
1185 433 1330 473 percoles.

631 490 705 520 Nolo
729 498 787 529 ego
810 498 875 519 cum
899 488 1038 528 improbis
1063 489 1092 519 te
1116 489 1195 526 viris,
1220 490 1309 529 gnate
1333 490 1380 527 mi,

554 556 650 585 neque
674 546 701 575 in
726 546 771 575 via
794 553 891 583 neque
914 544 942 574 in
965 544 1030 574 soro
1054 545 1159 575 malum
1175 545 1264 575 ullum
1280 553 1450 576 sermonem
1466 546 1600 586 exsequi.
1617 564 1653 570 -

348 605 383 642 n,
406 603 436 641 2,
463 602 501 633 12
525 596 589 639 (vs
604 600 770 640 289)Ypro
799 602 906 639 „rape“
936 600 1034 630 scribo
1063 600 1206 640 „arripe“,
1230 603 1302 638 tum,
1326 601 1488 639 „lacrumas
1512 602 1641 633 isthaec“
1665 611 1720 643 pro
1742 603 1808 643 „la-

349 668 466 690 crumas
489 660 590 695 har-cf
617 657 749 697 proximo
773 659 870 686 autem
895 664 985 686 versu
1009 655 1198 686 Ritsclielium
1223 665 1350 696 sequor:

475 725 532 755 quo
557 722 660 743 manus
684 713 865 742 abstineant:
889 714 1006 741 caetera
1029 712 1137 751 arripe,
1161 711 1253 749 trahe,
1276 711 1356 752 suge,
1380 712 1446 742 late.

473 771 631 801 Lacrumas
655 768 768 798 isthaec
792 767 869 805 mihi,
894 776 982 805 quom
1006 767 1102 804 video,
1126 767 1255 804 eliciunt,
1279 768 1347 807 quia
1370 777 1428 808 ego
1451 769 1487 798 ad
1510 768 1567 799 hoc
1588 777 1684 809 genus

475 826 623 856 hominum
647 823 812 864 pcrduravi.
859 822 929 862 quin
953 832 998 852 me
1021 822 1058 852 ad
1082 822 1172 862 pluris
1197 823 1350 862 penetravi
1374 824 1478 862 prius?
1503 842 1539 846 —

352 883 387 921 11,
411 882 440 921 2,
467 881 505 912 19
529 885 572 917 (v.
597 879 677 918 300)
725 879 941 918 Comparantur
965 878 1041 907 inter
1063 886 1097 908 se
1120 878 1241 918 imperia
1265 881 1295 908 et
1318 882 1484 919 praecepta.
1530 878 1726 915 Quamobrem
1748 889 1809 911 ex-

348 939 416 969 cidit
439 948 466 968 v.
491 938 696 977 „praccepta“,
721 944 780 965 non
805 934 980 972 „consilia“:

659 992 738 1021 llaec
762 990 820 1027 tibi,
844 990 868 1019 si
892 988 1034 1028 capesses
1059 998 1121 1019 mea
1145 989 1275 1028 imperia,

658 1047 745 1077 multa
770 1039 845 1075 bona
869 1045 897 1074 in
921 1045 1043 1084 pectore
1067 1045 1280 1084 praecepta
1304 1044 1467 1074 consident.

349 1105 391 1135 lta
415 1105 491 1135 enim
516 1104 654 1133 continuo
678 1101 835 1141 Lysiteles,

556 1159 680 1198 Semper
703 1167 760 1197 ego
784 1166 880 1196 usque
902 1156 937 1186 ad
961 1156 1034 1185 lianc
1057 1158 1182 1185 aetatem
1206 1155 1241 1185 ab
1264 1155 1385 1185 ineunte
1408 1155 1607 1187 adulescentia

557 1215 612 1244 tuis
637 1213 746 1243 servivi
770 1214 942 1243 servitutem
967 1211 1096 1251 imperiis
1121 1212 1288 1251 praeceptis
1314 1215 1405 1250 pater.

349 1272 427 1302 Libri
459 1271 604 1310 „imperiis
637 1273 666 1299 et
694 1269 891 1309 praeceptis&
923 1268 976 1297 sed
1004 1267 1139 1297 voculam
1171 1270 1234 1304 „et“
1254 1268 1323 1306 jure
1347 1267 1468 1297 Bothius
1492 1267 1607 1297 delevit.
1652 1267 1748 1298 Locus
1772 1268 1811 1298 ita

349 1327 552 1366 accipiendus:
583 1325 750 1365 praeceptis
783 1324 839 1354 tuis
871 1323 981 1353 servivi
1011 1323 1112 1353 sicut
1143 1323 1283 1362 imperiis.
1330 1322 1403 1352 Vide
1434 1323 1600 1353 Dobraeum
1631 1323 1665 1353 ad
1698 1324 1811 1354 Plutum

350 1393 376 1414 v.
402 1382 463 1412 314
487 1386 516 1412 et
539 1382 730 1421 Doeringium
754 1380 790 1409 ad
814 1380 914 1409 llorat.
939 1379 1011 1418 Epp.
1037 1379 1057 1416 l,
1081 1377 1111 1416 2,
1135 1377 1185 1407 42.
1211 1395 1248 1400 —
1274 1378 1308 1415 ll,
1331 1378 1362 1415 2,
1386 1377 1427 1408 30
1451 1381 1496 1415 (v.
1520 1378 1601 1416 311)
1625 1378 1736 1417 „Nimio
1759 1389 1810 1410 sa-

348 1439 429 1476 tiust,
454 1442 484 1468 ut
498 1441 596 1477 opust,
610 1441 638 1466 te
655 1438 692 1466 ita
706 1445 774 1466 0550
789 1439 842 1473 -]
859 1436 914 1465 l‘ro
927 1436 1052 1474 „opust“
1076 1434 1187 1473 aliquot
1203 1434 1322 1464 codices
1339 1437 1429 1471 recte,
1444 1443 1537 1474 „opus
1556 1437 1628 1464 est“.
1654 1435 1809 1465 Praeterea

349 1504 408 1524 non
433 1495 543 1530 dubito,
568 1493 637 1532 quin
662 1494 725 1530 „te“
749 1500 913 1531 pronomen
944 1490 1099 1520 delendum
1123 1490 1170 1519 sit.
1216 1489 1391 1519 Generalem
1423 1490 1500 1519 enim
1531 1490 1606 1520 lianc
1636 1500 1705 1521 esse
1733 1500 1808 1521 sen-

349 1551 468 1580 tentiam
493 1559 582 1588 quum
607 1552 685 1578 totus
710 1548 803 1584 locus,
829 1551 887 1577 tum
912 1547 1036 1576 maxime
1061 1546 1213 1585 proximus
1239 1554 1346 1575 versus
1370 1545 1469 1575 docet:

496 1605 591 1634 Nimio
615 1604 730 1639 satiust,
753 1606 785 1633 ut
808 1612 885 1642 opus
909 1606 964 1640 est,
988 1603 1025 1631 ita
1049 1610 1129 1639 0550,
1153 1611 1239 1640 quam
1264 1604 1296 1631 ut
1319 1602 1415 1630 aniino
1439 1602 1527 1631 lubet.

496 1659 551 1694 Qui
575 1660 701 1689 animum
726 1660 856 1695 vincunt,
880 1667 965 1697 quam
990 1666 1066 1697 quos
1090 1658 1214 1694 animus,
1239 1666 1358 1697 semper
1381 1658 1535 1696 probiores
1560 1657 1667 1688 cluent.

348 1716 499 1746 Posterior
522 1724 628 1745 versus
653 1715 677 1744 si
702 1715 767 1754 quis
792 1714 864 1744 alius
889 1714 980 1753 ipsius
1006 1714 1096 1743 Plauti
1121 1716 1177 1750 est,
1207 1713 1243 1743 (10
1274 1722 1332 1752 quo
1362 1713 1436 1743 male
1467 1713 1609 1743 dubitavit
1634 1712 1808 1743 Bitschelius

349 1772 468 1811 Parerg.
495 1781 522 1810 p.
547 1770 607 1800 5⁶24
633 1780 677 1809 sq.
723 1770 794 1799 Esto
818 1770 905 1807 enim,
929 1773 961 1799 ut
984 1770 1086 1799 eadem
1111 1769 1192 1798 notio
1213 1769 1272 1808 jam
1298 1769 1513 1808 praecesserit:
1545 1772 1573 1798 at
1602 1777 1696 1798 senex
1719 1777 1809 1808 supra

349 1827 549 1866 metaphorice
573 1826 689 1856 locutus
714 1829 769 1862 051,
794 1826 877 1864 quasi
900 1825 936 1855 de
960 1834 1031 1855 vera
1055 1825 1194 1860 victoria3
1220 1833 1298 1854 nunc
1320 1827 1418 1853 autem
1443 1833 1532 1863 quum
1556 1833 1609 1854 eos
1632 1824 1714 1863 ipsos
1738 1833 1808 1854 esse

349 1882 425 1912 dicat
449 1882 650 1921 „probiores“,
674 1881 803 1920 loquitur
834 1881 963 1920 proprie.
989 1899 1025 1904 —
1051 1880 1086 1918 11,
1109 1879 1139 1917 2,
1164 1879 1200 1909 51
1229 1882 1274 1916 (v.
1300 1878 1380 1916 332)
1412 1880 1595 1917 „Publicisne
1623 1879 1724 1909 adfinis
1756 1879 1810 1909 suit

350 1946 386 1967 an
413 1938 573 1967 maritumis
590 1937 743 1977 negotiis?
764 1939 768 1976 Ι
789 1936 1023 1966 Mercaturamne
1040 1945 1075 1966 an
1093 1935 1205 1965 venalis
1230 1935 1338 1972 habuit,
1363 1935 1411 1965 ubi
1431 1944 1492 1965 rem
1510 1935 1676 1975 perdidit?“
1720 1935 1808 1966 Italus

349 1997 501 2023 corrector
525 1995 763 2030 „mercaturune“
781 1995 840 2028 (50.
865 2001 926 2021 rem
944 1992 1096 2031 perdidit),
1120 1991 1264 2031 probante
1281 1991 1382 2021 duram
1401 1991 1485 2021 istam
1502 1994 1679 2021 structuram
1696 1991 1808 2021 Linde-

349 2057 456 2077 manno
494 2048 619 2087 ipsoque
657 2047 815 2077 Ritschelio
847 2058 874 2087 p.
899 2047 1064 2077 CCCXXll.
1110 2047 1149 2077 At
1178 2047 1216 2076 nil
1240 2047 1418 2077 mutandum.
1465 2046 1659 2077 Lenissimum
1683 2055 1809 2086 zeugma

347 2103 385 2133 ita
410 2103 555 2133 solvatur:
581 2107 813 2133 mercaturamne
838 2103 941 2140 (fecit)
965 2112 1001 2132 an
1026 2103 1137 2133 venalis
1162 2102 1271 2140 habuit,
1295 2111 1319 2132 s.
1344 2106 1532 2133 mercatorne
1563 2102 1617 2133 suit
1646 2111 1682 2132 an
1711 2110 1807 2132 vena-

345 2159 448 2188 litius'?
478 2177 507 2180 ›-—
535 2159 569 2196 ll,
583 2158 612 2196 2,
624 2157 664 2187 94
689 2162 735 2195 (v.
753 2158 831 2195 375)
848 2159 878 2188 L.
897 2168 1006 2196 „soror
1022 2158 1090 2188 illist
1106 2158 1202 2188 adulta
1219 2159 1303 2197 virgo
1320 2159 1455 2199 grandis:
1479 2168 1543 2189 eam
1560 2159 1657 2197 cupio,
1674 2161 1766 2197 pater,
1785 2160 1791 2195 Ι

347 2214 456 2244 ducere
489 2223 612 2244 uxorem
642 2214 707 2243 sinc
737 2215 815 2244 dote.
862 2214 909 2244 Ph.
940 2214 1005 2244 sine
1033 2214 1102 2244 (1010
1132 2214 1317 2244 uxorem?
1362 2214 1392 2244 L.
1416 2215 1455 2244 ita
1483 2216 1547 2244 ——.“
1593 2214 1641 2244 Sic
1663 2220 1809 2253 personas

349 2278 388 2300 ex
413 2270 610 2299 Ambrosiano
640 2270 771 2300 correxit
795 2270 980 2308 Ritschelius,
1011 2279 1096 2309 quam
1128 2271 1272 2300 rationem
1302 2270 1515 2300 sententiarum
1544 2278 1640 2300 nexus
1669 2268 1808 2309 postulat.

348 2324 389 2355 At
412 2325 546 2365 displicet
561 2327 730 2365 conjectura
755 2326 834 2362 „sinc
849 2326 918 2356 dote
941 2325 1173 2357 uxoremne‘?
1197 2326 1235 2356 ob
1252 2326 1475 2357 collocationem
1491 2325 1651 2356 encliticae.
1693 2324 1808 2361 Scribo,
